<record xmlns="http://www.loc.gov/MARC21/slim" xmlns:xsi="http://www.w3.org/2001/XMLSchema-instance" xsi:schemaLocation="http://www.loc.gov/MARC21/slim http://www.loc.gov/standards/marcxml/schema/MARC21slim.xsd"><leader>01760nam a2200361   4500</leader><controlfield tag="001">001680957</controlfield><controlfield tag="003">NNU</controlfield><controlfield tag="006">m        d        </controlfield><controlfield tag="007">cr cn |||m|||a</controlfield><controlfield tag="008">150116q19001995sy      o     000 0 ara d</controlfield><datafield ind1=" " ind2=" " tag="040"><subfield code="a">NNU</subfield><subfield code="b">eng</subfield><subfield code="c">NNU</subfield></datafield><datafield ind1=" " ind2="4" tag="050"><subfield code="a">PJ6075</subfield><subfield code="b">.A7 1962</subfield></datafield><datafield ind1="1" ind2=" " tag="100"><subfield code="6">880-01</subfield><subfield code="a">Ars&#363;z&#299;, Zak&#299;,</subfield><subfield code="d">1900-1968</subfield></datafield><datafield ind1="1" ind2="3" tag="245"><subfield code="6">880-02</subfield><subfield code="a">al-&#699;Abqari&#772;yah al-&#699;Arabi&#772;yah fi&#772; lisa&#772;niha&#772;</subfield><subfield code="h">[electronic resource] /</subfield><subfield code="c">bi-qalam Zaki&#772; al-Arsu&#772;zi&#772;.</subfield></datafield><datafield ind1=" " ind2=" " tag="260"><subfield code="6">880-03</subfield><subfield code="a">Dimashq :</subfield><subfield code="b">Da&#772;r al-Yaqaz&#803;ah al-&#699;Arabi&#772;yah lil-Ta&#700;li&#772;f wa-al-Tarjamah wa-al-Nashr,</subfield><subfield code="c">[19--?]</subfield></datafield><datafield ind1=" " ind2=" " tag="300"><subfield code="a">online resource (223 p.)</subfield></datafield><datafield ind1="1" ind2=" " tag="490"><subfield code="6">880-04</subfield><subfield code="a">Risa&#772;lat al-Ba&#699;th ;</subfield><subfield code="v">1</subfield></datafield><datafield ind1=" " ind2=" " tag="500"><subfield code="a">Part of the Arabic Collections Online (ACO) project, contributed by New York Univeristy Libraries.</subfield></datafield><datafield ind1=" " ind2=" " tag="533"><subfield code="a">Electronic reproduction.</subfield><subfield code="b">New York, N.Y. :</subfield><subfield code="c">New York University,</subfield><subfield code="d">2015.</subfield><subfield code="5">NNU</subfield></datafield><datafield ind1=" " ind2="0" tag="650"><subfield code="a">Arabic language.</subfield></datafield><datafield ind1=" " ind2="7" tag="650"><subfield code="a">Arabic language.</subfield><subfield code="2">fast</subfield><subfield code="0">(OCoLC)fst00812287</subfield></datafield><datafield ind1="2" ind2=" " tag="710"><subfield code="a">New York University.</subfield><subfield code="b">Libraries.</subfield></datafield><datafield ind1="0" ind2=" " tag="730"><subfield code="a">Arabic Collections Online.</subfield></datafield><datafield ind1="0" ind2="8" tag="776"><subfield code="i">Print version:</subfield><subfield code="a">Ars&#363;z&#299;, Zak&#299;, 1900-1968 880-01</subfield><subfield code="t">al-&#699;Abqari&#772;yah al-&#699;Arabi&#772;yah fi&#772; lisa&#772;niha&#772;</subfield><subfield code="w">(NNU)001680957</subfield></datafield><datafield ind1="4" ind2="0" tag="856"><subfield code="u">http://hdl.handle.net/2333.1/bzkh1b32</subfield></datafield><datafield ind1="1" ind2=" " tag="880"><subfield code="6">100-01/</subfield><subfield code="a">&#1575;&#1585;&#1587;&#1608;&#1586;&#1610;&#1548; &#1586;&#1603;&#1610;&#1548;</subfield><subfield code="d">1900-1968.</subfield></datafield><datafield ind1="1" ind2="2" tag="880"><subfield code="6">245-02/</subfield><subfield code="a">&#1575;&#1604;&#1593;&#1576;&#1602;&#1585;&#1610;&#1577; &#1575;&#1604;&#1593;&#1585;&#1576;&#1610;&#1577; &#1601;&#1610; &#1604;&#1587;&#1575;&#1606;&#1607;&#1575;</subfield><subfield code="c">&#1576;&#1602;&#1604;&#1605; &#1586;&#1603;&#1610; &#1575;&#1604;&#1575;&#1585;&#1587;&#1608;&#1586;&#1610;.</subfield></datafield><datafield ind1=" " ind2=" " tag="880"><subfield code="6">260-03/</subfield><subfield code="a">&#1583;&#1605;&#1588;&#1602; :</subfield><subfield code="b">&#1583;&#1575;&#1585; &#1575;&#1604;&#1610;&#1602;&#1592;&#1577; &#1575;&#1604;&#1593;&#1585;&#1576;&#1610;&#1577; &#1604;&#1604;&#1578;&#1571;&#1604;&#1610;&#1601; &#1608;&#1575;&#1604;&#1578;&#1585;&#1580;&#1605;&#1577; &#1608;&#1575;&#1604;&#1606;&#1588;&#1585;&#1548;</subfield><subfield code="c">[19--&#1567;]</subfield></datafield><datafield ind1="1" ind2=" " tag="880"><subfield code="6">490-04/</subfield><subfield code="a">&#1585;&#1587;&#1575;&#1604;&#1577; &#1575;&#1604;&#1576;&#1593;&#1579; &#1563;</subfield><subfield code="v">1</subfield></datafield><datafield ind1=" " ind2="0" tag="830"><subfield code="6">880-05</subfield><subfield code="a">Risa&#772;lat al-Ba&#699;th ;</subfield><subfield code="v">1.</subfield></datafield><datafield ind1=" " ind2="0" tag="880"><subfield code="6">830-05/</subfield><subfield code="a">&#1585;&#1587;&#1575;&#1604;&#1577; &#1575;&#1604;&#1576;&#1593;&#1579; &#1563;</subfield><subfield code="v">1.</subfield></datafield><datafield ind1=" " ind2=" " tag="959"><subfield code="a">NNU</subfield><subfield code="b">WEB</subfield><subfield code="c">GENI</subfield><subfield code="t">0</subfield><subfield code="m">Electronic access</subfield><subfield code="s">01</subfield></datafield><datafield ind1=" " ind2=" " tag="999"><subfield code="i">NNU_001680957</subfield><subfield code="o" /></datafield></record>